<?xml version="1.0" encoding="UTF-8"?>
<record xmlns="http://www.loc.gov/MARC21/slim" xmlns:xsi="http://www.w3.org/2001/XMLSchema-instance" xsi:schemaLocation="http://www.loc.gov/MARC21/slim http://www.loc.gov/standards/marcxml/schema/MARC21slim.xsd">
<leader>     nam a22003971a 4500</leader>
<controlfield tag="001">001684491</controlfield>
<controlfield tag="003">NNU</controlfield>
<controlfield tag="005">20061010173233.0</controlfield>
<controlfield tag="008">000731q19291930ua            000 0 ara d</controlfield>
<datafield tag="035" ind1="9" ind2=" ">
<subfield code="a">NYUb12227924</subfield>
</datafield>
<datafield tag="035" ind1=" " ind2=" ">
<subfield code="a">(NNU)NYUb12227924</subfield>
</datafield>
<datafield tag="040" ind1=" " ind2=" ">
<subfield code="a">NIC</subfield>
<subfield code="c">NIC</subfield>
<subfield code="d">MH</subfield>
<subfield code="d">CtY</subfield>
</datafield>
<datafield tag="066" ind1=" " ind2=" ">
<subfield code="c">(3</subfield>
</datafield>
<datafield tag="090" ind1=" " ind2=" ">
<subfield code="a">BP195.Z2</subfield>
<subfield code="b">M34</subfield>
</datafield>
<datafield tag="245" ind1="0" ind2="0">
<subfield code="6">880-01</subfield>
<subfield code="a">Majmūʻat al-rasāʼil al-Yamanīyah.</subfield>
</datafield>
<datafield tag="260" ind1=" " ind2=" ">
<subfield code="6">880-02</subfield>
<subfield code="a">al-Qāhirah :</subfield>
<subfield code="b">Idārat al-Ṭibāʻah al-Munīrīyah,</subfield>
<subfield code="c">1348 [1929 or 1930]</subfield>
</datafield>
<datafield tag="300" ind1=" " ind2=" ">
<subfield code="a">36, 12, 31, 60, 15, 42 p. ;</subfield>
<subfield code="c">24 cm.</subfield>
</datafield>
<datafield tag="505" ind1="0" ind2=" ">
<subfield code="a">al-Risālah al-wāziʻah lil-muʻtadīn ʻan sabb Ṣaḥābat Sayyīd al-Mursalīn / taʼlīf al-Muʼayyid billāh Yaḥyá ibn Ḥamzah ibn ʻAlī ibn Ibrāhīm ibn Muḥammad ibn Idrīs ibn Jaʻfar ibn ʻAlī ibn Muḥammad ibn ʻAlī ibn Mūsá ibn Jaʻfar ibn Muḥammad ibn ʻAlī ibn al-Ḥusayn ibn ʻAlī ibn Abī Ṭālib al-Hāshimī al-Yamanī -- al-ʻIqd al-thamīn fī ithbāt wiṣāyat Amīr al-Muʼminīn / Muḥammad ibn ʻAlī ibn Muḥammad al-Shawkānī al-Yamānī al-Ṣanʻānī -- al-ʻIṣmah ʻan al-ḍalāl / al-Ḥasan ibn Aḥmad al-Jalāl al-Ḥasanī al-Yamanī -- Fayḍ al-shuʻāʻ al-kāshif lil-qināʻ ʻan arkān al-ibtidāʻ / al-Ḥasan ibn Aḥmad al-Jalāl al-Ḥasanī al-Yamanī -- Qurrat al-ʻayn fī al-jamʻ bayna al-ṣalātayn / Ḥāmid ibn Ḥasan Shākir al-Yamānī al-Ṣanʻānī -- al-Wajh al-ḥasan al-mudhhib lil-ḥazan li-man ṭalaba al-Sunnah wa-mashá ʻalá al-sunan / Isḥaq ibn Yūsuf ibn al-Imām al-Mutawakkil ʻalá Allāh Ismāʻīl ibn al-Imām al-Manṣūr billāh al-Qāsim ibn Muḥammad al-Ḥasanī al-Yamanī al-Ṣanʻānī.</subfield>
</datafield>
<datafield tag="500" ind1=" " ind2=" ">
<subfield code="a">Cover title.</subfield>
</datafield>
<datafield tag="600" ind1="0" ind2="0">
<subfield code="a">Muḥammad,</subfield>
<subfield code="c">Prophet,</subfield>
<subfield code="d">d. 632</subfield>
<subfield code="x">Companions.</subfield>
</datafield>
<datafield tag="650" ind1=" " ind2="0">
<subfield code="a">Islam</subfield>
<subfield code="x">Doctrines.</subfield>
</datafield>
<datafield tag="650" ind1=" " ind2="0">
<subfield code="a">Islam</subfield>
<subfield code="x">Customs and practices.</subfield>
</datafield>
<datafield tag="700" ind1="1" ind2="2">
<subfield code="6">880-03</subfield>
<subfield code="a">Muʼayyid, Yaḥyá ibn Ḥamzah,</subfield>
<subfield code="d">1270 or 71-ca. 1378.</subfield>
<subfield code="t">Risālah al-wāziʻah lil-muʻtadīn ʻan sabb Ṣaḥābat Sayyīd al-Mursalīn.</subfield>
<subfield code="f">1929.</subfield>
</datafield>
<datafield tag="700" ind1="1" ind2="2">
<subfield code="a">Shawkānī, Muḥammad ibn ʻAlī,</subfield>
<subfield code="d">1759-1839</subfield>
<subfield code="6">880-04</subfield>
<subfield code="t">ʻIqd al-thamīn fī ithbāt wiṣāyat Amīr al-muʼminīn.</subfield>
<subfield code="f">1929.</subfield>
</datafield>
<datafield tag="700" ind1="1" ind2="2">
<subfield code="a">Jalāl al-Yamanī, al-Ḥasan ibn Aḥmad,</subfield>
<subfield code="d">1605-1673</subfield>
<subfield code="6">880-05</subfield>
<subfield code="t">ʻIṣmah ʻan al-ḍalāl.</subfield>
<subfield code="f">1929.</subfield>
</datafield>
<datafield tag="700" ind1="1" ind2="2">
<subfield code="a">Jalāl al-Yamanī, al-Ḥasan ibn Aḥmad,</subfield>
<subfield code="d">1605-1673</subfield>
<subfield code="6">880-06</subfield>
<subfield code="t">Fayḍ al-shuʻāʻ al-kāshif lil-qināʻ ʻan arkān al-ibtidāʻ.</subfield>
<subfield code="f">1929.</subfield>
</datafield>
<datafield tag="700" ind1="0" ind2="2">
<subfield code="6">880-07</subfield>
<subfield code="a">Ḥāmid ibn Ḥasan Shākir.</subfield>
<subfield code="t">Qurrat al-ʻayn fī al-jamʻ bayna al-ṣalātayn.</subfield>
<subfield code="f">1929.</subfield>
</datafield>
<datafield tag="700" ind1="1" ind2="2">
<subfield code="6">880-08</subfield>
<subfield code="a">Ibn al-Mutawakkil, Isḥāq ibn Yūsuf,</subfield>
<subfield code="d">1699 or 1700-1760.</subfield>
<subfield code="t">Wajh al-ḥasan al-mudhhib lil-ḥazan.</subfield>
<subfield code="f">1929.</subfield>
</datafield>
<datafield tag="880" ind1="0" ind2="0">
<subfield code="6">245-01/</subfield>
<subfield code="a">مجموعة الرسائل اليمنية.</subfield>
</datafield>
<datafield tag="880" ind1=" " ind2=" ">
<subfield code="6">260-02/</subfield>
<subfield code="a">القاهرة :</subfield>
<subfield code="b">إدارة الطباعة المنيرية،</subfield>
<subfield code="c">1348 [1929 أو 1930]</subfield>
</datafield>
<datafield tag="880" ind1="1" ind2="2">
<subfield code="6">700-03/</subfield>
<subfield code="a">مؤيد، يحيى بن حمزة.</subfield>
<subfield code="t">رسالة الوازعة للمعتدين عن سب صحابة سيد المرسلين.</subfield>
<subfield code="f">1929.</subfield>
</datafield>
<datafield tag="880" ind1="1" ind2="2">
<subfield code="6">700-04/</subfield>
<subfield code="a">شوكاني، محمد بن علي.</subfield>
<subfield code="t">عقد الثمين في إثبات وصية أمير المؤمنين.</subfield>
<subfield code="f">1929.</subfield>
</datafield>
<datafield tag="880" ind1="1" ind2="2">
<subfield code="6">700-05/</subfield>
<subfield code="a">جلال اليمني، الحسن بن أحمد.</subfield>
<subfield code="t">عصمة عن الضلال.</subfield>
<subfield code="f">1929.</subfield>
</datafield>
<datafield tag="880" ind1="1" ind2="2">
<subfield code="6">700-06/</subfield>
<subfield code="a">جلال اليمني، الحسن بن أحمد.</subfield>
<subfield code="t">فيض الشعاع الكاشف للقناع عي أركان الابتداء.</subfield>
<subfield code="f">1929.</subfield>
</datafield>
<datafield tag="880" ind1="0" ind2="2">
<subfield code="6">700-07/</subfield>
<subfield code="a">حامد بن حسن شاكر.</subfield>
<subfield code="t">قرة العين في الجمع بين الصلاتين.</subfield>
<subfield code="f">1929.</subfield>
</datafield>
<datafield tag="880" ind1="0" ind2="2">
<subfield code="6">700-08/</subfield>
<subfield code="a">ابن المتوكل، إسحاق بن يوسف.</subfield>
<subfield code="t">وجه الحسن المذهب للحزن.</subfield>
<subfield code="f">1929.</subfield>
</datafield>
<datafield tag="OWN" ind1=" " ind2=" ">
<subfield code="a">GENERAL</subfield>
</datafield>
<datafield tag="998" ind1=" " ind2=" ">
<subfield code="a">20010429</subfield>
<subfield code="d">20010429</subfield>
<subfield code="d">20010429</subfield>
<subfield code="n">NNU</subfield>
<subfield code="s">6</subfield>
<subfield code="t">c</subfield>
<subfield code="z">p</subfield>
</datafield>
<datafield tag="AVA" ind1=" " ind2=" ">
<subfield code="a">NYU50</subfield>
<subfield code="b">BOBST</subfield>
<subfield code="c">Main Collection</subfield>
<subfield code="d">BP195.Z2 M34</subfield>
<subfield code="e">unavailable</subfield>
<subfield code="t">Unavailable</subfield>
<subfield code="f">1</subfield>
<subfield code="g">1</subfield>
<subfield code="h">N</subfield>
<subfield code="i">0</subfield>
<subfield code="j">MAIN</subfield>
<subfield code="k">0</subfield>
</datafield>
</record>
